<record><leader>00000cas a22000007a 4500</leader><controlfield tag="001">10871135</controlfield><controlfield tag="008">840621c19079999nyuwr ne      0    0eng d</controlfield><datafield ind1=" " ind2=" " tag="010"><subfield code="a">sn 84031163 </subfield></datafield><datafield ind1=" " ind2=" " tag="040"><subfield code="a">NYG</subfield><subfield code="b">eng</subfield><subfield code="c">NYG</subfield><subfield code="d">NPX</subfield><subfield code="d">NYS</subfield><subfield code="d">OCLCQ</subfield></datafield><datafield ind1=" " ind2=" " tag="042"><subfield code="a">msc</subfield></datafield><datafield ind1="0" ind2=" " tag="130"><subfield code="a">News-herald (Coeymans, N.Y.)</subfield></datafield><datafield ind1="1" ind2="4" tag="245"><subfield code="a">The news-herald.</subfield></datafield><datafield ind1=" " ind2=" " tag="260"><subfield code="a">Coeymans, N.Y. :</subfield><subfield code="b">[News-Herald Print. and Pub. Co.],</subfield><subfield code="c">1907-</subfield></datafield><datafield ind1=" " ind2=" " tag="300"><subfield code="a">v. :</subfield><subfield code="b">ill.</subfield></datafield><datafield ind1=" " ind2=" " tag="310"><subfield code="a">Weekly</subfield></datafield><datafield ind1="0" ind2=" " tag="362"><subfield code="a">35th year, no. 17 (July 12, 1907)-</subfield></datafield><datafield ind1=" " ind2=" " tag="500"><subfield code="a">Since July 19, 1907 place of publishing: Ravena, N.Y.</subfield></datafield><datafield ind1=" " ind2=" " tag="530"><subfield code="a">Available on microfilm from New York State Library.</subfield></datafield><datafield ind1=" " ind2="4" tag="651"><subfield code="a">Coeymans (N.Y.)</subfield><subfield code="v">Newspapers.</subfield></datafield><datafield ind1=" " ind2="4" tag="651"><subfield code="a">Ravena (N.Y.)</subfield><subfield code="v">Newspapers.</subfield></datafield><datafield ind1=" " ind2=" " tag="752"><subfield code="a">United States</subfield><subfield code="b">New York</subfield><subfield code="c">Albany</subfield><subfield code="d">Coeymans.</subfield></datafield><datafield ind1=" " ind2=" " tag="752"><subfield code="a">United States</subfield><subfield code="b">New York</subfield><subfield code="c">Albany</subfield><subfield code="d">Ravena.</subfield></datafield><datafield ind1="0" ind2="4" tag="780"><subfield code="t">Ravena news</subfield><subfield code="w">(DLC)sn 84031158</subfield></datafield><datafield ind1="0" ind2="4" tag="780"><subfield code="t">Coeymans herald</subfield><subfield code="w">(DLC)sn 83031270</subfield></datafield></record>